@article{endres2020development,
  title={Development of a deep learning algorithm for periapical disease detection in dental radiographs},
  author={Endres, Michael G and Hillen, Florian and Salloumis, Marios and Sedaghat, Ahmad R and Niehues, Stefan M and Quatela, Olivia and Hanken, Henning and Smeets, Ralf and Beck-Broichsitter, Benedicta and Rendenbach, Carsten and others},
  journal={Diagnostics},
  volume={10},
  number={6},
  pages={430},
  year={2020},
  publisher={MDPI}
}

@article{lee2018detection,
  title={Detection and diagnosis of dental caries using a deep learning-based convolutional neural network algorithm},
  author={Lee, Jae-Hong and Kim, Do-Hyung and Jeong, Seong-Nyum and Choi, Seong-Ho},
  journal={Journal of dentistry},
  volume={77},
  pages={106--111},
  year={2018},
  publisher={Elsevier}
}

@article{chen2021dental,
  title={Dental disease detection on periapical radiographs based on deep convolutional neural networks},
  author={Chen, Hu and Li, Hong and Zhao, Yijiao and Zhao, Jianjiang and Wang, Yong},
  journal={International Journal of Computer Assisted Radiology and Surgery},
  volume={16},
  pages={649--661},
  year={2021},
  publisher={Springer}
}

@article{al2022detection,
  title={Detection of Dental Diseases through X-Ray Images Using Neural Search Architecture Network.},
  author={AL-Ghamdi, Abdullah S and Ragab, Mahmoud and AlGhamdi, Saad Abdulla and Asseri, Amer H and Mansour, Romany F and Koundal, Deepika},
  journal={Computational Intelligence \& Neuroscience},
  year={2022}
}

@article{setiabudi2017expert,
  title={Expert system diagnosis dental disease using Certainty Factor method},
  author={Setiabudi, Whisnu Ulinnuha and Sugiharti, Endang and Arini, Florentina Yuni},
  journal={Scientific Journal of Informatics},
  volume={4},
  number={1},
  pages={43--50},
  year={2017}
}

@article{parewe2018dental,
  title={Dental disease detection using hybrid fuzzy logic and evolution strategies},
  author={Parewe, Andi Maulidinnawati Abdul Kadir and Mahmudy, Wayan Firdaus and Ramdhani, Fatwa and Anggodo, Yusuf Priyo},
  journal={Journal of Telecommunication, Electronic and Computer Engineering (JTEC)},
  volume={10},
  number={1-8},
  pages={27--33},
  year={2018}
}

@article{litjens2017survey,
  title={A survey on deep learning in medical image analysis},
  author={Litjens, Geert and Kooi, Thijs and Bejnordi, Babak Ehteshami and Setio, Arnaud Arindra Adiyoso and Ciompi, Francesco and Ghafoorian, Mohsen and Van Der Laak, Jeroen Awm and Van Ginneken, Bram and S{\'a}nchez, Clara I},
  journal={Medical image analysis},
  volume={42},
  pages={60--88},
  year={2017},
  publisher={Elsevier}
}
